<record xmlns="http://www.loc.gov/MARC21/slim" xmlns:xsi="http://www.w3.org/2001/XMLSchema-instance" xsi:schemaLocation="http://www.loc.gov/MARC21/slim http://www.loc.gov/standards/marcxml/schema/MARC21slim.xsd"><leader>     nam a22        4500</leader><controlfield tag="001">3077436</controlfield><controlfield tag="003">NNC</controlfield><controlfield tag="006">m        d        </controlfield><controlfield tag="007">cr cn |||m|||a</controlfield><controlfield tag="008">150316s1954    ua a    o     000 0 ara d</controlfield><datafield ind1=" " ind2=" " tag="040"><subfield code="a">NNU</subfield><subfield code="b">eng</subfield><subfield code="e">rda</subfield><subfield code="c">NNU</subfield></datafield><datafield ind1="1" ind2=" " tag="041"><subfield code="a">ara</subfield><subfield code="h">eng</subfield></datafield><datafield ind1=" " ind2=" " tag="043"><subfield code="a">n-us---</subfield><subfield code="a">f-ua---</subfield></datafield><datafield ind1=" " ind2="4" tag="050"><subfield code="a">TL540.L5</subfield><subfield code="b">A85124 1954</subfield></datafield><datafield ind1="0" ind2="4" tag="082"><subfield code="a">629.13/09111</subfield><subfield code="2">22</subfield></datafield><datafield ind1="1" ind2=" " tag="100"><subfield code="6">880-01</subfield><subfield code="a">Lindbergh, Charles A.</subfield><subfield code="q">(Charles Augustus),</subfield><subfield code="d">1902-1974.</subfield></datafield><datafield ind1="1" ind2="0" tag="240"><subfield code="a">Spirit of St. Louis.</subfield><subfield code="l">Arabic</subfield></datafield><datafield ind1="1" ind2="0" tag="245"><subfield code="6">880-02</subfield><subfield code="a">Qa&#772;hir al-muh&#803;i&#772;t&#803; :</subfield><subfield code="b">mudhakkira&#772;t al-t&#803;ayya&#772;r Lindbirj /</subfield><subfield code="c">ta&#700;li&#772;f Sha&#772;rlz Lindbirj ; tarjamat jama&#772;&#699;ah min  as&#803;diqa&#772;&#700; Mu&#700;assasat Fara&#772;nkli&#772;n ; ra&#772;ja&#699;ahu Ah&#803;mad Fu&#700;a&#772;d al-Ahwa&#772;ni&#772;. ; ma&#699;a muqaddimah li-qa&#772;&#700;id al-asra&#772;b &#699;Abd-al-Lat&#803;i&#772;f Baghda&#772;di&#772; ; wa-maqa&#772;lah &#699;an Qis&#803;s&#803;at al-t&#803;ayara&#772;n fi&#772; Mis&#803;r bi-qalam Kama&#772;l Naji&#772;b.</subfield></datafield><datafield ind1=" " ind2=" " tag="260"><subfield code="6">880-03</subfield><subfield code="a">[al-Qa&#772;hirah] :</subfield><subfield code="b">[Akhba&#772;r al-Yawm],</subfield><subfield code="c">[1954]</subfield></datafield><datafield ind1=" " ind2=" " tag="300"><subfield code="a">online resource (192 pages) :</subfield><subfield code="b">illustrations</subfield></datafield><datafield ind1=" " ind2=" " tag="336"><subfield code="a">text</subfield><subfield code="2">rdacontent</subfield></datafield><datafield ind1=" " ind2=" " tag="337"><subfield code="a">computer</subfield><subfield code="2">rdamedia</subfield></datafield><datafield ind1=" " ind2=" " tag="338"><subfield code="a">online resource</subfield><subfield code="2">rdacarrier</subfield></datafield><datafield ind1=" " ind2=" " tag="500"><subfield code="a">Part of the Arabic Collections Online (ACO) project, contributed by Columbia University Libraries.</subfield></datafield><datafield ind1=" " ind2=" " tag="533"><subfield code="a">Electronic reproduction.</subfield><subfield code="b">New York, N.Y. :</subfield><subfield code="c">New York University,</subfield><subfield code="d">2015.</subfield><subfield code="5">NNU</subfield></datafield><datafield ind1="1" ind2="0" tag="600"><subfield code="a">Lindbergh, Charles A.</subfield><subfield code="q">(Charles Augustus),</subfield><subfield code="d">1902-1974.</subfield></datafield><datafield ind1="2" ind2="0" tag="610"><subfield code="a">Spirit of St. Louis (Airplane)</subfield></datafield><datafield ind1=" " ind2="0" tag="650"><subfield code="a">Transatlantic flights.</subfield></datafield><datafield ind1=" " ind2="0" tag="650"><subfield code="a">Air pilots</subfield><subfield code="z">United States</subfield><subfield code="v">Biography.</subfield></datafield><datafield ind1=" " ind2="0" tag="650"><subfield code="a">Aeronautics</subfield><subfield code="z">Egypt.</subfield></datafield><datafield ind1="1" ind2="7" tag="600"><subfield code="a">Lindbergh, Charles A.</subfield><subfield code="q">(Charles Augustus),</subfield><subfield code="d">1902-1974</subfield><subfield code="2">fast</subfield><subfield code="0">(OCoLC)fst00042025</subfield></datafield><datafield ind1="2" ind2="7" tag="610"><subfield code="a">Spirit of St. Louis (Airplane)</subfield><subfield code="2">fast</subfield><subfield code="0">(OCoLC)fst00600607</subfield></datafield><datafield ind1=" " ind2="7" tag="650"><subfield code="a">Aeronautics.</subfield><subfield code="2">fast</subfield><subfield code="0">(OCoLC)fst00798293</subfield></datafield><datafield ind1=" " ind2="7" tag="650"><subfield code="a">Air pilots.</subfield><subfield code="2">fast</subfield><subfield code="0">(OCoLC)fst00802420</subfield></datafield><datafield ind1=" " ind2="7" tag="650"><subfield code="a">Transatlantic flights.</subfield><subfield code="2">fast</subfield><subfield code="0">(OCoLC)fst01154515</subfield></datafield><datafield ind1=" " ind2="7" tag="651"><subfield code="a">Egypt.</subfield><subfield code="2">fast</subfield><subfield code="0">(OCoLC)fst01208755</subfield></datafield><datafield ind1=" " ind2="7" tag="651"><subfield code="a">United States.</subfield><subfield code="2">fast</subfield><subfield code="0">(OCoLC)fst01204155</subfield></datafield><datafield ind1=" " ind2="7" tag="655"><subfield code="a">Biography.</subfield><subfield code="2">fast</subfield><subfield code="0">(OCoLC)fst01423686</subfield></datafield><datafield ind1="1" ind2=" " tag="700"><subfield code="6">880-04</subfield><subfield code="a">Ahwa&#772;ni&#772;, Ah&#803;mad Fu&#700;a&#772;d,</subfield><subfield code="d">-1970.</subfield></datafield><datafield ind1="1" ind2="2" tag="700"><subfield code="6">880-05</subfield><subfield code="a">Naji&#772;b, Kama&#772;l.</subfield><subfield code="t">Qis&#803;s&#803;at al-t&#803;ayara&#772;n fi&#772; Mis&#803;r.</subfield></datafield><datafield ind1="2" ind2=" " tag="710"><subfield code="a">Columbia University.</subfield><subfield code="b">Libraries.</subfield></datafield><datafield ind1="0" ind2=" " tag="730"><subfield code="a">Arabic Collections Online.</subfield></datafield><datafield ind1="0" ind2="8" tag="776"><subfield code="i">Print version:</subfield><subfield code="a">Lindbergh, Charles A. (Charles Augustus), 1902-1974.</subfield><subfield code="t">Qa&#772;hir al-muh&#803;i&#772;t&#803;</subfield><subfield code="w">(NNC)3077436</subfield><subfield code="w">(OCoLC)47884816</subfield></datafield><datafield ind1="4" ind2="0" tag="856"><subfield code="u">http://hdl.handle.net/2333.1/n8pk0rd2</subfield></datafield><datafield ind1="1" ind2=" " tag="880"><subfield code="6">100-01/r</subfield><subfield code="a">&#1604;&#1583;&#1576;&#1585;&#1580;&#1548; &#1588;&#1575;&#1585;&#1604;&#1586;.</subfield></datafield><datafield ind1="1" ind2="0" tag="880"><subfield code="6">245-02/r</subfield><subfield code="a">&#1602;&#1575;&#1607;&#1585; &#1575;&#1604;&#1605;&#1581;&#1610;&#1591; :</subfield><subfield code="b">&#1605;&#1584;&#1603;&#1585;&#1575;&#1578; &#1575;&#1604;&#1591;&#1610;&#1575;&#1585; &#1604;&#1583;&#1576;&#1585;&#1580; /</subfield><subfield code="c">&#1578;&#1571;&#1604;&#1610;&#1601; &#1588;&#1575;&#1585;&#1604;&#1586; &#1604;&#1583;&#1576;&#1585;&#1580; &#1563; &#1578;&#1585;&#1580;&#1605;&#1577; &#1580;&#1605;&#1575;&#1593;&#1577; &#1605;&#1606;  &#1575;&#1589;&#1583;&#1602;&#1575;&#1569; &#1605;&#1572;&#1587;&#1587;&#1577; &#1601;&#1585;&#1575;&#1606;&#1603;&#1604;&#1610;&#1606; &#1563; &#1585;&#1575;&#1580;&#1593;&#1607; &#1575;&#1581;&#1605;&#1583; &#1601;&#1572;&#1575;&#1583; &#1575;&#1604;&#1575;&#1607;&#1608;&#1575;&#1606;&#1610;. &#1563; &#1605;&#1593; &#1605;&#1602;&#1583;&#1605;&#1577; &#1604;&#1602;&#1575;&#1574;&#1583; &#1575;&#1604;&#1575;&#1587;&#1585;&#1575;&#1576; &#1593;&#1576;&#1583;&#1575;&#1604;&#1604;&#1591;&#1610;&#1601; &#1576;&#1594;&#1583;&#1575;&#1583;&#1610; &#1563; &#1608;&#1605;&#1602;&#1575;&#1604;&#1577; &#1593;&#1606; &#1602;&#1589;&#1577; &#1575;&#1604;&#1591;&#1610;&#1585;&#1575;&#1606; &#1601;&#1610; &#1605;&#1589;&#1585; &#1576;&#1602;&#1604;&#1605; &#1603;&#1605;&#1575;&#1604; &#1606;&#1580;&#1610;&#1576;.</subfield></datafield><datafield ind1=" " ind2=" " tag="880"><subfield code="6">260-03/r</subfield><subfield code="a">[&#1575;&#1604;&#1602;&#1575;&#1607;&#1585;&#1577; :</subfield><subfield code="b">&#1575;&#1582;&#1576;&#1575;&#1585; &#1575;&#1604;&#1610;&#1608;&#1605;&#1548;</subfield><subfield code="c">1954]</subfield></datafield><datafield ind1="1" ind2=" " tag="880"><subfield code="6">700-04/r</subfield><subfield code="a">&#1575;&#1607;&#1608;&#1575;&#1606;&#1610;&#1548; &#1575;&#1581;&#1605;&#1583; &#1601;&#1572;&#1575;&#1583;.</subfield></datafield><datafield ind1="1" ind2="2" tag="880"><subfield code="6">700-05/r</subfield><subfield code="a">&#1606;&#1580;&#1610;&#1576;&#1548; &#1603;&#1605;&#1575;&#1604;.</subfield><subfield code="t">&#1602;&#1589;&#1577; &#1575;&#1604;&#1591;&#1610;&#1585;&#1575;&#1606; &#1601;&#1610; &#1605;&#1589;&#1585;.</subfield></datafield><datafield ind1=" " ind2=" " tag="959"><subfield code="a">NNU</subfield><subfield code="b">WEB</subfield><subfield code="c">GENI</subfield><subfield code="t">0</subfield><subfield code="m">Electronic access</subfield><subfield code="s">01</subfield></datafield><datafield ind1=" " ind2=" " tag="999"><subfield code="i">NNC_3077436</subfield><subfield code="o">(OCoLC)ocm47884816</subfield><subfield code="e">(ERROR-880)</subfield><subfield code="s">columbia_aco000361</subfield></datafield></record>